@online{rug_rust,
    author = "NTNU, Department of Marine Technology", 
    title = "IMT Software Wiki - LaTeX", 
    url = "https://www.ntnu.no/wiki/display/imtsoftware/LaTeX", 
    urldate = "2020-09-15"      % This is the date we entered the page
}
